%YAML 1.1
%TAG !u! tag:unity3d.com,2011:
--- !u!29 &1
SceneSettings:
  m_ObjectHideFlags: 0
  m_PVSData: 
  m_PVSObjectsArray: []
  m_PVSPortalsArray: []
  m_OcclusionBakeSettings:
    smallestOccluder: 5
    smallestHole: .25
    backfaceThreshold: 100
--- !u!104 &2
RenderSettings:
  m_Fog: 0
  m_FogColor: {r: .5, g: .5, b: .5, a: 1}
  m_FogMode: 3
  m_FogDensity: .00999999978
  m_LinearFogStart: 0
  m_LinearFogEnd: 300
  m_AmbientLight: {r: .200000003, g: .200000003, b: .200000003, a: 1}
  m_SkyboxMaterial: {fileID: 0}
  m_HaloStrength: .5
  m_FlareStrength: 1
  m_FlareFadeSpeed: 3
  m_HaloTexture: {fileID: 0}
  m_SpotCookie: {fileID: 0}
  m_ObjectHideFlags: 0
--- !u!127 &3
LevelGameManager:
  m_ObjectHideFlags: 0
--- !u!157 &4
LightmapSettings:
  m_ObjectHideFlags: 0
  m_LightProbes: {fileID: 0}
  m_Lightmaps: []
  m_LightmapsMode: 1
  m_BakedColorSpace: 0
  m_UseDualLightmapsInForward: 0
  m_LightmapEditorSettings:
    m_Resolution: 50
    m_LastUsedResolution: 0
    m_TextureWidth: 1024
    m_TextureHeight: 1024
    m_BounceBoost: 1
    m_BounceIntensity: 1
    m_SkyLightColor: {r: .860000014, g: .930000007, b: 1, a: 1}
    m_SkyLightIntensity: 0
    m_Quality: 0
    m_Bounces: 1
    m_FinalGatherRays: 1000
    m_FinalGatherContrastThreshold: .0500000007
    m_FinalGatherGradientThreshold: 0
    m_FinalGatherInterpolationPoints: 15
    m_AOAmount: 0
    m_AOMaxDistance: .100000001
    m_AOContrast: 1
    m_LODSurfaceMappingDistance: 1
    m_Padding: 0
    m_TextureCompression: 0
    m_LockAtlas: 0
--- !u!196 &5
NavMeshSettings:
  m_ObjectHideFlags: 0
  m_BuildSettings:
    agentRadius: .5
    agentHeight: 2
    agentSlope: 45
    agentClimb: .400000006
    ledgeDropHeight: 0
    maxJumpAcrossDistance: 0
    accuratePlacement: 0
    minRegionArea: 2
    widthInaccuracy: 16.666666
    heightInaccuracy: 10
  m_NavMesh: {fileID: 0}
--- !u!1 &14604628
GameObject:
  m_ObjectHideFlags: 0
  m_PrefabParentObject: {fileID: 0}
  m_PrefabInternal: {fileID: 0}
  serializedVersion: 4
  m_Component:
  - 4: {fileID: 14604633}
  - 20: {fileID: 14604632}
  - 92: {fileID: 14604631}
  - 124: {fileID: 14604630}
  - 81: {fileID: 14604629}
  m_Layer: 0
  m_Name: Main Camera
  m_TagString: MainCamera
  m_Icon: {fileID: 0}
  m_NavMeshLayer: 0
  m_StaticEditorFlags: 0
  m_IsActive: 1
--- !u!81 &14604629
AudioListener:
  m_ObjectHideFlags: 0
  m_PrefabParentObject: {fileID: 0}
  m_PrefabInternal: {fileID: 0}
  m_GameObject: {fileID: 14604628}
  m_Enabled: 1
--- !u!124 &14604630
Behaviour:
  m_ObjectHideFlags: 0
  m_PrefabParentObject: {fileID: 0}
  m_PrefabInternal: {fileID: 0}
  m_GameObject: {fileID: 14604628}
  m_Enabled: 1
--- !u!92 &14604631
Behaviour:
  m_ObjectHideFlags: 0
  m_PrefabParentObject: {fileID: 0}
  m_PrefabInternal: {fileID: 0}
  m_GameObject: {fileID: 14604628}
  m_Enabled: 1
--- !u!20 &14604632
Camera:
  m_ObjectHideFlags: 0
  m_PrefabParentObject: {fileID: 0}
  m_PrefabInternal: {fileID: 0}
  m_GameObject: {fileID: 14604628}
  m_Enabled: 1
  serializedVersion: 2
  m_ClearFlags: 1
  m_BackGroundColor: {r: .192156866, g: .301960796, b: .474509805, a: .0196078438}
  m_NormalizedViewPortRect:
    serializedVersion: 2
    x: 0
    y: 0
    width: 1
    height: 1
  near clip plane: .300000012
  far clip plane: 1000
  field of view: 60
  orthographic: 1
  orthographic size: 5
  m_Depth: -1
  m_CullingMask:
    serializedVersion: 2
    m_Bits: 4294967295
  m_RenderingPath: -1
  m_TargetTexture: {fileID: 0}
  m_HDR: 0
  m_OcclusionCulling: 1
--- !u!4 &14604633
Transform:
  m_ObjectHideFlags: 0
  m_PrefabParentObject: {fileID: 0}
  m_PrefabInternal: {fileID: 0}
  m_GameObject: {fileID: 14604628}
  m_LocalRotation: {x: 0, y: 0, z: 0, w: 1}
  m_LocalPosition: {x: 0, y: 0, z: -10}
  m_LocalScale: {x: 1, y: 1, z: 1}
  m_Children: []
  m_Father: {fileID: 0}
--- !u!1 &28456916
GameObject:
  m_ObjectHideFlags: 0
  m_PrefabParentObject: {fileID: 0}
  m_PrefabInternal: {fileID: 0}
  serializedVersion: 4
  m_Component:
  - 4: {fileID: 28456917}
  - 212: {fileID: 28456918}
  m_Layer: 0
  m_Name: backText
  m_TagString: Untagged
  m_Icon: {fileID: 0}
  m_NavMeshLayer: 0
  m_StaticEditorFlags: 0
  m_IsActive: 1
--- !u!4 &28456917
Transform:
  m_ObjectHideFlags: 0
  m_PrefabParentObject: {fileID: 0}
  m_PrefabInternal: {fileID: 0}
  m_GameObject: {fileID: 28456916}
  m_LocalRotation: {x: 0, y: 0, z: 0, w: 1}
  m_LocalPosition: {x: 0, y: 0, z: 0}
  m_LocalScale: {x: 1, y: 1, z: 1}
  m_Children: []
  m_Father: {fileID: 54634991}
--- !u!212 &28456918
SpriteRenderer:
  m_ObjectHideFlags: 0
  m_PrefabParentObject: {fileID: 0}
  m_PrefabInternal: {fileID: 0}
  m_GameObject: {fileID: 28456916}
  m_Enabled: 1
  m_CastShadows: 0
  m_ReceiveShadows: 0
  m_LightmapIndex: 255
  m_LightmapTilingOffset: {x: 1, y: 1, z: 0, w: 0}
  m_Materials:
  - {fileID: 10754, guid: 0000000000000000e000000000000000, type: 0}
  m_SubsetIndices: 
  m_StaticBatchRoot: {fileID: 0}
  m_UseLightProbes: 0
  m_LightProbeAnchor: {fileID: 0}
  m_ScaleInLightmap: 1
  m_SortingLayer: 0
  m_SortingOrder: 5
  m_SortingLayerID: 0
  m_Sprite: {fileID: 21300000, guid: b1a3c8bbd9d502a40a9ee130e3b628fa, type: 3}
  m_Color: {r: 1, g: 1, b: 1, a: 1}
--- !u!1 &54634990
GameObject:
  m_ObjectHideFlags: 0
  m_PrefabParentObject: {fileID: 100006, guid: bc8a8453cd179294baf677207a4865d1, type: 2}
  m_PrefabInternal: {fileID: 1543845968}
  serializedVersion: 4
  m_Component:
  - 4: {fileID: 54634991}
  - 114: {fileID: 54634992}
  m_Layer: 0
  m_Name: Back
  m_TagString: Untagged
  m_Icon: {fileID: 0}
  m_NavMeshLayer: 0
  m_StaticEditorFlags: 0
  m_IsActive: 1
--- !u!4 &54634991
Transform:
  m_ObjectHideFlags: 0
  m_PrefabParentObject: {fileID: 400006, guid: bc8a8453cd179294baf677207a4865d1, type: 2}
  m_PrefabInternal: {fileID: 1543845968}
  m_GameObject: {fileID: 54634990}
  m_LocalRotation: {x: 0, y: 0, z: 0, w: 1}
  m_LocalPosition: {x: -1, y: -1.46138358, z: 0}
  m_LocalScale: {x: 1, y: 1, z: 1}
  m_Children:
  - {fileID: 28456917}
  - {fileID: 832259189}
  - {fileID: 1995688154}
  - {fileID: 1244195826}
  m_Father: {fileID: 0}
--- !u!114 &54634992
MonoBehaviour:
  m_ObjectHideFlags: 0
  m_PrefabParentObject: {fileID: 11400000, guid: bc8a8453cd179294baf677207a4865d1,
    type: 2}
  m_PrefabInternal: {fileID: 1543845968}
  m_GameObject: {fileID: 54634990}
  m_Enabled: 1
  m_EditorHideFlags: 0
  m_Script: {fileID: 11500000, guid: 1ffc1e2aecf21484c96efa368351310c, type: 3}
  m_Name: 
  m_EditorClassIdentifier: 
  PressedSprite: {fileID: 1995688152}
  UnPressedSprite: {fileID: 1244195825}
  HighlightSprite: {fileID: 832259188}
--- !u!1 &107638882
GameObject:
  m_ObjectHideFlags: 0
  m_PrefabParentObject: {fileID: 0}
  m_PrefabInternal: {fileID: 0}
  serializedVersion: 4
  m_Component:
  - 4: {fileID: 107638883}
  - 212: {fileID: 107638884}
  m_Layer: 0
  m_Name: Level1
  m_TagString: Untagged
  m_Icon: {fileID: 0}
  m_NavMeshLayer: 0
  m_StaticEditorFlags: 0
  m_IsActive: 1
--- !u!4 &107638883
Transform:
  m_ObjectHideFlags: 0
  m_PrefabParentObject: {fileID: 0}
  m_PrefabInternal: {fileID: 0}
  m_GameObject: {fileID: 107638882}
  m_LocalRotation: {x: 0, y: 0, z: 0, w: 1}
  m_LocalPosition: {x: 0, y: 0, z: 0}
  m_LocalScale: {x: 1, y: 1, z: 1}
  m_Children: []
  m_Father: {fileID: 1567950044}
--- !u!212 &107638884
SpriteRenderer:
  m_ObjectHideFlags: 0
  m_PrefabParentObject: {fileID: 0}
  m_PrefabInternal: {fileID: 0}
  m_GameObject: {fileID: 107638882}
  m_Enabled: 1
  m_CastShadows: 0
  m_ReceiveShadows: 0
  m_LightmapIndex: 255
  m_LightmapTilingOffset: {x: 1, y: 1, z: 0, w: 0}
  m_Materials:
  - {fileID: 10754, guid: 0000000000000000e000000000000000, type: 0}
  m_SubsetIndices: 
  m_StaticBatchRoot: {fileID: 0}
  m_UseLightProbes: 0
  m_LightProbeAnchor: {fileID: 0}
  m_ScaleInLightmap: 1
  m_SortingLayer: 0
  m_SortingOrder: 5
  m_SortingLayerID: 0
  m_Sprite: {fileID: 21300000, guid: 10d00505c86613e43a4f22c52c3d02d6, type: 3}
  m_Color: {r: 1, g: 1, b: 1, a: 1}
--- !u!1 &122024886
GameObject:
  m_ObjectHideFlags: 0
  m_PrefabParentObject: {fileID: 100000, guid: f2ce2fb69e81a4a4c8475613f5d483f0, type: 2}
  m_PrefabInternal: {fileID: 1119237660}
  serializedVersion: 4
  m_Component:
  - 4: {fileID: 122024887}
  - 114: {fileID: 122024888}
  m_Layer: 0
  m_Name: Level2
  m_TagString: Untagged
  m_Icon: {fileID: 0}
  m_NavMeshLayer: 0
  m_StaticEditorFlags: 0
  m_IsActive: 1
--- !u!4 &122024887
Transform:
  m_ObjectHideFlags: 0
  m_PrefabParentObject: {fileID: 400000, guid: f2ce2fb69e81a4a4c8475613f5d483f0, type: 2}
  m_PrefabInternal: {fileID: 1119237660}
  m_GameObject: {fileID: 122024886}
  m_LocalRotation: {x: 0, y: 0, z: 0, w: 1}
  m_LocalPosition: {x: -0, y: 0, z: 0}
  m_LocalScale: {x: 1, y: 1, z: 1}
  m_Children: []
  m_Father: {fileID: 1572961890}
--- !u!114 &122024888
MonoBehaviour:
  m_ObjectHideFlags: 0
  m_PrefabParentObject: {fileID: 11400002, guid: f2ce2fb69e81a4a4c8475613f5d483f0,
    type: 2}
  m_PrefabInternal: {fileID: 1119237660}
  m_GameObject: {fileID: 122024886}
  m_Enabled: 1
  m_EditorHideFlags: 0
  m_Script: {fileID: 11500000, guid: 98f2ee42f645a0244b74e03011005eec, type: 3}
  m_Name: 
  m_EditorClassIdentifier: 
  StraightShooters:
  - 3
  - 3
  - 3
  - 3
  - 6
  - 6
  - 6
  - 6
  - 9
  - 9
  - 9
  - 9
  - 12
  - 12
  - 12
  - 12
  - 15
  - 15
  - 15
  - 15
  Spinners:
  - 5
  - 6
  - 7
  - 8
  - 9
  - 10
  - 11
  - 12
  - 13
  - 14
--- !u!1001 &141484602
Prefab:
  m_ObjectHideFlags: 0
  serializedVersion: 2
  m_Modification:
    m_TransformParent: {fileID: 0}
    m_Modifications:
    - target: {fileID: 400006, guid: bc8a8453cd179294baf677207a4865d1, type: 2}
      propertyPath: m_LocalPosition.x
      value: -1
      objectReference: {fileID: 0}
    - target: {fileID: 400006, guid: bc8a8453cd179294baf677207a4865d1, type: 2}
      propertyPath: m_LocalPosition.y
      value: .140164077
      objectReference: {fileID: 0}
    - target: {fileID: 400006, guid: bc8a8453cd179294baf677207a4865d1, type: 2}
      propertyPath: m_LocalPosition.z
      value: 0
      objectReference: {fileID: 0}
    - target: {fileID: 400006, guid: bc8a8453cd179294baf677207a4865d1, type: 2}
      propertyPath: m_LocalRotation.x
      value: 0
      objectReference: {fileID: 0}
    - target: {fileID: 400006, guid: bc8a8453cd179294baf677207a4865d1, type: 2}
      propertyPath: m_LocalRotation.y
      value: 0
      objectReference: {fileID: 0}
    - target: {fileID: 400006, guid: bc8a8453cd179294baf677207a4865d1, type: 2}
      propertyPath: m_LocalRotation.z
      value: 0
      objectReference: {fileID: 0}
    - target: {fileID: 400006, guid: bc8a8453cd179294baf677207a4865d1, type: 2}
      propertyPath: m_LocalRotation.w
      value: 1
      objectReference: {fileID: 0}
    - target: {fileID: 100006, guid: bc8a8453cd179294baf677207a4865d1, type: 2}
      propertyPath: m_Name
      value: Level 2
      objectReference: {fileID: 0}
    m_RemovedComponents:
    - {fileID: 11400002, guid: bc8a8453cd179294baf677207a4865d1, type: 2}
  m_ParentPrefab: {fileID: 100100000, guid: bc8a8453cd179294baf677207a4865d1, type: 2}
  m_RootGameObject: {fileID: 1264095089}
  m_IsPrefabParent: 0
  m_IsExploded: 1
--- !u!1 &586498687
GameObject:
  m_ObjectHideFlags: 0
  m_PrefabParentObject: {fileID: 100000, guid: bc8a8453cd179294baf677207a4865d1, type: 2}
  m_PrefabInternal: {fileID: 141484602}
  serializedVersion: 4
  m_Component:
  - 4: {fileID: 586498689}
  - 212: {fileID: 586498688}
  m_Layer: 0
  m_Name: buttonBackgroundHighlighted
  m_TagString: Untagged
  m_Icon: {fileID: 0}
  m_NavMeshLayer: 0
  m_StaticEditorFlags: 0
  m_IsActive: 1
--- !u!212 &586498688
SpriteRenderer:
  m_ObjectHideFlags: 0
  m_PrefabParentObject: {fileID: 21200000, guid: bc8a8453cd179294baf677207a4865d1,
    type: 2}
  m_PrefabInternal: {fileID: 141484602}
  m_GameObject: {fileID: 586498687}
  m_Enabled: 1
  m_CastShadows: 0
  m_ReceiveShadows: 0
  m_LightmapIndex: 255
  m_LightmapTilingOffset: {x: 1, y: 1, z: 0, w: 0}
  m_Materials:
  - {fileID: 10754, guid: 0000000000000000e000000000000000, type: 0}
  m_SubsetIndices: 
  m_StaticBatchRoot: {fileID: 0}
  m_UseLightProbes: 0
  m_LightProbeAnchor: {fileID: 0}
  m_ScaleInLightmap: 1
  m_SortingLayer: 0
  m_SortingOrder: 0
  m_SortingLayerID: 0
  m_Sprite: {fileID: 21300000, guid: 4ed62e8f5a68bc346a852728ad82e4be, type: 3}
  m_Color: {r: 1, g: 1, b: 1, a: 1}
--- !u!4 &586498689
Transform:
  m_ObjectHideFlags: 0
  m_PrefabParentObject: {fileID: 400000, guid: bc8a8453cd179294baf677207a4865d1, type: 2}
  m_PrefabInternal: {fileID: 141484602}
  m_GameObject: {fileID: 586498687}
  m_LocalRotation: {x: 0, y: 0, z: 0, w: 1}
  m_LocalPosition: {x: 0, y: 0, z: 0}
  m_LocalScale: {x: 1, y: 1, z: 1}
  m_Children: []
  m_Father: {fileID: 1264095090}
--- !u!1 &765628732
GameObject:
  m_ObjectHideFlags: 0
  m_PrefabParentObject: {fileID: 0}
  m_PrefabInternal: {fileID: 0}
  serializedVersion: 4
  m_Component:
  - 4: {fileID: 765628734}
  - 212: {fileID: 765628733}
  m_Layer: 0
  m_Name: Level2
  m_TagString: Untagged
  m_Icon: {fileID: 0}
  m_NavMeshLayer: 0
  m_StaticEditorFlags: 0
  m_IsActive: 1
--- !u!212 &765628733
SpriteRenderer:
  m_ObjectHideFlags: 0
  m_PrefabParentObject: {fileID: 0}
  m_PrefabInternal: {fileID: 0}
  m_GameObject: {fileID: 765628732}
  m_Enabled: 1
  m_CastShadows: 0
  m_ReceiveShadows: 0
  m_LightmapIndex: 255
  m_LightmapTilingOffset: {x: 1, y: 1, z: 0, w: 0}
  m_Materials:
  - {fileID: 10754, guid: 0000000000000000e000000000000000, type: 0}
  m_SubsetIndices: 
  m_StaticBatchRoot: {fileID: 0}
  m_UseLightProbes: 0
  m_LightProbeAnchor: {fileID: 0}
  m_ScaleInLightmap: 1
  m_SortingLayer: 0
  m_SortingOrder: 5
  m_SortingLayerID: 0
  m_Sprite: {fileID: 21300000, guid: 66eaaae4d4118f046a5e68c03fb3258e, type: 3}
  m_Color: {r: 1, g: 1, b: 1, a: 1}
--- !u!4 &765628734
Transform:
  m_ObjectHideFlags: 0
  m_PrefabParentObject: {fileID: 0}
  m_PrefabInternal: {fileID: 0}
  m_GameObject: {fileID: 765628732}
  m_LocalRotation: {x: 0, y: 0, z: 0, w: 1}
  m_LocalPosition: {x: 0, y: 0, z: 0}
  m_LocalScale: {x: 1, y: 1, z: 1}
  m_Children: []
  m_Father: {fileID: 1264095090}
--- !u!1 &823046659
GameObject:
  m_ObjectHideFlags: 0
  m_PrefabParentObject: {fileID: 100000, guid: bc8a8453cd179294baf677207a4865d1, type: 2}
  m_PrefabInternal: {fileID: 1314002696}
  serializedVersion: 4
  m_Component:
  - 4: {fileID: 823046660}
  - 212: {fileID: 823046661}
  m_Layer: 0
  m_Name: buttonBackgroundHighlighted
  m_TagString: Untagged
  m_Icon: {fileID: 0}
  m_NavMeshLayer: 0
  m_StaticEditorFlags: 0
  m_IsActive: 1
--- !u!4 &823046660
Transform:
  m_ObjectHideFlags: 0
  m_PrefabParentObject: {fileID: 400000, guid: bc8a8453cd179294baf677207a4865d1, type: 2}
  m_PrefabInternal: {fileID: 1314002696}
  m_GameObject: {fileID: 823046659}
  m_LocalRotation: {x: 0, y: 0, z: 0, w: 1}
  m_LocalPosition: {x: 0, y: 0, z: 0}
  m_LocalScale: {x: 1, y: 1, z: 1}
  m_Children: []
  m_Father: {fileID: 1567950044}
--- !u!212 &823046661
SpriteRenderer:
  m_ObjectHideFlags: 0
  m_PrefabParentObject: {fileID: 21200000, guid: bc8a8453cd179294baf677207a4865d1,
    type: 2}
  m_PrefabInternal: {fileID: 1314002696}
  m_GameObject: {fileID: 823046659}
  m_Enabled: 1
  m_CastShadows: 0
  m_ReceiveShadows: 0
  m_LightmapIndex: 255
  m_LightmapTilingOffset: {x: 1, y: 1, z: 0, w: 0}
  m_Materials:
  - {fileID: 10754, guid: 0000000000000000e000000000000000, type: 0}
  m_SubsetIndices: 
  m_StaticBatchRoot: {fileID: 0}
  m_UseLightProbes: 0
  m_LightProbeAnchor: {fileID: 0}
  m_ScaleInLightmap: 1
  m_SortingLayer: 0
  m_SortingOrder: 0
  m_SortingLayerID: 0
  m_Sprite: {fileID: 21300000, guid: 4ed62e8f5a68bc346a852728ad82e4be, type: 3}
  m_Color: {r: 1, g: 1, b: 1, a: 1}
--- !u!1 &832259188
GameObject:
  m_ObjectHideFlags: 0
  m_PrefabParentObject: {fileID: 100000, guid: bc8a8453cd179294baf677207a4865d1, type: 2}
  m_PrefabInternal: {fileID: 1543845968}
  serializedVersion: 4
  m_Component:
  - 4: {fileID: 832259189}
  - 212: {fileID: 832259190}
  m_Layer: 0
  m_Name: buttonBackgroundHighlighted
  m_TagString: Untagged
  m_Icon: {fileID: 0}
  m_NavMeshLayer: 0
  m_StaticEditorFlags: 0
  m_IsActive: 1
--- !u!4 &832259189
Transform:
  m_ObjectHideFlags: 0
  m_PrefabParentObject: {fileID: 400000, guid: bc8a8453cd179294baf677207a4865d1, type: 2}
  m_PrefabInternal: {fileID: 1543845968}
  m_GameObject: {fileID: 832259188}
  m_LocalRotation: {x: 0, y: 0, z: 0, w: 1}
  m_LocalPosition: {x: 0, y: 0, z: 0}
  m_LocalScale: {x: 1, y: 1, z: 1}
  m_Children: []
  m_Father: {fileID: 54634991}
--- !u!212 &832259190
SpriteRenderer:
  m_ObjectHideFlags: 0
  m_PrefabParentObject: {fileID: 21200000, guid: bc8a8453cd179294baf677207a4865d1,
    type: 2}
  m_PrefabInternal: {fileID: 1543845968}
  m_GameObject: {fileID: 832259188}
  m_Enabled: 1
  m_CastShadows: 0
  m_ReceiveShadows: 0
  m_LightmapIndex: 255
  m_LightmapTilingOffset: {x: 1, y: 1, z: 0, w: 0}
  m_Materials:
  - {fileID: 10754, guid: 0000000000000000e000000000000000, type: 0}
  m_SubsetIndices: 
  m_StaticBatchRoot: {fileID: 0}
  m_UseLightProbes: 0
  m_LightProbeAnchor: {fileID: 0}
  m_ScaleInLightmap: 1
  m_SortingLayer: 0
  m_SortingOrder: 0
  m_SortingLayerID: 0
  m_Sprite: {fileID: 21300000, guid: 4ed62e8f5a68bc346a852728ad82e4be, type: 3}
  m_Color: {r: 1, g: 1, b: 1, a: 1}
--- !u!1 &874183497
GameObject:
  m_ObjectHideFlags: 0
  m_PrefabParentObject: {fileID: 100002, guid: bc8a8453cd179294baf677207a4865d1, type: 2}
  m_PrefabInternal: {fileID: 141484602}
  serializedVersion: 4
  m_Component:
  - 4: {fileID: 874183498}
  - 212: {fileID: 874183499}
  m_Layer: 0
  m_Name: buttonBackgroundPressed
  m_TagString: Untagged
  m_Icon: {fileID: 0}
  m_NavMeshLayer: 0
  m_StaticEditorFlags: 0
  m_IsActive: 1
--- !u!4 &874183498
Transform:
  m_ObjectHideFlags: 0
  m_PrefabParentObject: {fileID: 400002, guid: bc8a8453cd179294baf677207a4865d1, type: 2}
  m_PrefabInternal: {fileID: 141484602}
  m_GameObject: {fileID: 874183497}
  m_LocalRotation: {x: 0, y: 0, z: 0, w: 1}
  m_LocalPosition: {x: 0, y: 0, z: 0}
  m_LocalScale: {x: 1, y: 1, z: 1}
  m_Children: []
  m_Father: {fileID: 1264095090}
--- !u!212 &874183499
SpriteRenderer:
  m_ObjectHideFlags: 0
  m_PrefabParentObject: {fileID: 21200002, guid: bc8a8453cd179294baf677207a4865d1,
    type: 2}
  m_PrefabInternal: {fileID: 141484602}
  m_GameObject: {fileID: 874183497}
  m_Enabled: 1
  m_CastShadows: 0
  m_ReceiveShadows: 0
  m_LightmapIndex: 255
  m_LightmapTilingOffset: {x: 1, y: 1, z: 0, w: 0}
  m_Materials:
  - {fileID: 10754, guid: 0000000000000000e000000000000000, type: 0}
  m_SubsetIndices: 
  m_StaticBatchRoot: {fileID: 0}
  m_UseLightProbes: 0
  m_LightProbeAnchor: {fileID: 0}
  m_ScaleInLightmap: 1
  m_SortingLayer: 0
  m_SortingOrder: 0
  m_SortingLayerID: 0
  m_Sprite: {fileID: 21300000, guid: d3e865e436d2a254d8c1d59f63a7ccc1, type: 3}
  m_Color: {r: 1, g: 1, b: 1, a: 1}
--- !u!1 &971045095
GameObject:
  m_ObjectHideFlags: 0
  m_PrefabParentObject: {fileID: 100004, guid: bc8a8453cd179294baf677207a4865d1, type: 2}
  m_PrefabInternal: {fileID: 141484602}
  serializedVersion: 4
  m_Component:
  - 4: {fileID: 971045096}
  - 212: {fileID: 971045097}
  m_Layer: 0
  m_Name: buttonBackgroundUnpressed
  m_TagString: Untagged
  m_Icon: {fileID: 0}
  m_NavMeshLayer: 0
  m_StaticEditorFlags: 0
  m_IsActive: 1
--- !u!4 &971045096
Transform:
  m_ObjectHideFlags: 0
  m_PrefabParentObject: {fileID: 400004, guid: bc8a8453cd179294baf677207a4865d1, type: 2}
  m_PrefabInternal: {fileID: 141484602}
  m_GameObject: {fileID: 971045095}
  m_LocalRotation: {x: 0, y: 0, z: 0, w: 1}
  m_LocalPosition: {x: 0, y: 0, z: 0}
  m_LocalScale: {x: 1, y: 1, z: 1}
  m_Children: []
  m_Father: {fileID: 1264095090}
--- !u!212 &971045097
SpriteRenderer:
  m_ObjectHideFlags: 0
  m_PrefabParentObject: {fileID: 21200004, guid: bc8a8453cd179294baf677207a4865d1,
    type: 2}
  m_PrefabInternal: {fileID: 141484602}
  m_GameObject: {fileID: 971045095}
  m_Enabled: 1
  m_CastShadows: 0
  m_ReceiveShadows: 0
  m_LightmapIndex: 255
  m_LightmapTilingOffset: {x: 1, y: 1, z: 0, w: 0}
  m_Materials:
  - {fileID: 10754, guid: 0000000000000000e000000000000000, type: 0}
  m_SubsetIndices: 
  m_StaticBatchRoot: {fileID: 0}
  m_UseLightProbes: 0
  m_LightProbeAnchor: {fileID: 0}
  m_ScaleInLightmap: 1
  m_SortingLayer: 0
  m_SortingOrder: 1
  m_SortingLayerID: 0
  m_Sprite: {fileID: 21300000, guid: e2aeeb1e68f5d024ca37f993c4f45596, type: 3}
  m_Color: {r: 1, g: 1, b: 1, a: 1}
--- !u!1 &985424309
GameObject:
  m_ObjectHideFlags: 0
  m_PrefabParentObject: {fileID: 0}
  m_PrefabInternal: {fileID: 0}
  serializedVersion: 4
  m_Component:
  - 4: {fileID: 985424311}
  - 212: {fileID: 985424310}
  m_Layer: 0
  m_Name: LevelSelect
  m_TagString: Untagged
  m_Icon: {fileID: 0}
  m_NavMeshLayer: 0
  m_StaticEditorFlags: 0
  m_IsActive: 1
--- !u!212 &985424310
SpriteRenderer:
  m_ObjectHideFlags: 0
  m_PrefabParentObject: {fileID: 0}
  m_PrefabInternal: {fileID: 0}
  m_GameObject: {fileID: 985424309}
  m_Enabled: 1
  m_CastShadows: 0
  m_ReceiveShadows: 0
  m_LightmapIndex: 255
  m_LightmapTilingOffset: {x: 1, y: 1, z: 0, w: 0}
  m_Materials:
  - {fileID: 10754, guid: 0000000000000000e000000000000000, type: 0}
  m_SubsetIndices: 
  m_StaticBatchRoot: {fileID: 0}
  m_UseLightProbes: 0
  m_LightProbeAnchor: {fileID: 0}
  m_ScaleInLightmap: 1
  m_SortingLayer: 0
  m_SortingOrder: 0
  m_SortingLayerID: 0
  m_Sprite: {fileID: 21300000, guid: 613c6f052cef8c7449e01f4f6eb7c05a, type: 3}
  m_Color: {r: 1, g: 1, b: 1, a: 1}
--- !u!4 &985424311
Transform:
  m_ObjectHideFlags: 0
  m_PrefabParentObject: {fileID: 0}
  m_PrefabInternal: {fileID: 0}
  m_GameObject: {fileID: 985424309}
  m_LocalRotation: {x: 0, y: 0, z: 0, w: 1}
  m_LocalPosition: {x: 0, y: 3.77821112, z: 0}
  m_LocalScale: {x: 5, y: 5, z: 1}
  m_Children: []
  m_Father: {fileID: 0}
--- !u!1 &1003051100
GameObject:
  m_ObjectHideFlags: 0
  m_PrefabParentObject: {fileID: 100002, guid: f2ce2fb69e81a4a4c8475613f5d483f0, type: 2}
  m_PrefabInternal: {fileID: 1119237660}
  serializedVersion: 4
  m_Component:
  - 4: {fileID: 1003051102}
  - 114: {fileID: 1003051101}
  m_Layer: 0
  m_Name: Level1
  m_TagString: Untagged
  m_Icon: {fileID: 0}
  m_NavMeshLayer: 0
  m_StaticEditorFlags: 0
  m_IsActive: 1
--- !u!114 &1003051101
MonoBehaviour:
  m_ObjectHideFlags: 0
  m_PrefabParentObject: {fileID: 11400004, guid: f2ce2fb69e81a4a4c8475613f5d483f0,
    type: 2}
  m_PrefabInternal: {fileID: 1119237660}
  m_GameObject: {fileID: 1003051100}
  m_Enabled: 1
  m_EditorHideFlags: 0
  m_Script: {fileID: 11500000, guid: 98f2ee42f645a0244b74e03011005eec, type: 3}
  m_Name: 
  m_EditorClassIdentifier: 
  StraightShooters:
  - 3
  - 6
  - 7
  - 10
  - 10
  - 20
  - 20
  - 20
  - 20
  - 20
  Spinners:
  - 10
  - 10
  - 18
  - 18
  - 18
--- !u!4 &1003051102
Transform:
  m_ObjectHideFlags: 0
  m_PrefabParentObject: {fileID: 400002, guid: f2ce2fb69e81a4a4c8475613f5d483f0, type: 2}
  m_PrefabInternal: {fileID: 1119237660}
  m_GameObject: {fileID: 1003051100}
  m_LocalRotation: {x: 0, y: 0, z: 0, w: 1}
  m_LocalPosition: {x: 0, y: 0, z: 0}
  m_LocalScale: {x: 1, y: 1, z: 1}
  m_Children: []
  m_Father: {fileID: 1572961890}
--- !u!1001 &1119237660
Prefab:
  m_ObjectHideFlags: 0
  serializedVersion: 2
  m_Modification:
    m_TransformParent: {fileID: 0}
    m_Modifications:
    - target: {fileID: 400004, guid: f2ce2fb69e81a4a4c8475613f5d483f0, type: 2}
      propertyPath: m_LocalPosition.x
      value: 19.8405514
      objectReference: {fileID: 0}
    - target: {fileID: 400004, guid: f2ce2fb69e81a4a4c8475613f5d483f0, type: 2}
      propertyPath: m_LocalPosition.y
      value: -.0296968371
      objectReference: {fileID: 0}
    - target: {fileID: 400004, guid: f2ce2fb69e81a4a4c8475613f5d483f0, type: 2}
      propertyPath: m_LocalPosition.z
      value: 0
      objectReference: {fileID: 0}
    - target: {fileID: 400004, guid: f2ce2fb69e81a4a4c8475613f5d483f0, type: 2}
      propertyPath: m_LocalRotation.x
      value: 0
      objectReference: {fileID: 0}
    - target: {fileID: 400004, guid: f2ce2fb69e81a4a4c8475613f5d483f0, type: 2}
      propertyPath: m_LocalRotation.y
      value: 0
      objectReference: {fileID: 0}
    - target: {fileID: 400004, guid: f2ce2fb69e81a4a4c8475613f5d483f0, type: 2}
      propertyPath: m_LocalRotation.z
      value: 0
      objectReference: {fileID: 0}
    - target: {fileID: 400004, guid: f2ce2fb69e81a4a4c8475613f5d483f0, type: 2}
      propertyPath: m_LocalRotation.w
      value: 1
      objectReference: {fileID: 0}
    - target: {fileID: 11400000, guid: f2ce2fb69e81a4a4c8475613f5d483f0, type: 2}
      propertyPath: CurrentLevel
      value: 0
      objectReference: {fileID: 0}
    m_RemovedComponents: []
  m_ParentPrefab: {fileID: 100100000, guid: f2ce2fb69e81a4a4c8475613f5d483f0, type: 2}
  m_RootGameObject: {fileID: 1572961889}
  m_IsPrefabParent: 0
  m_IsExploded: 1
--- !u!1 &1151870339
GameObject:
  m_ObjectHideFlags: 0
  m_PrefabParentObject: {fileID: 100004, guid: bc8a8453cd179294baf677207a4865d1, type: 2}
  m_PrefabInternal: {fileID: 1314002696}
  serializedVersion: 4
  m_Component:
  - 4: {fileID: 1151870340}
  - 212: {fileID: 1151870341}
  m_Layer: 0
  m_Name: buttonBackgroundUnpressed
  m_TagString: Untagged
  m_Icon: {fileID: 0}
  m_NavMeshLayer: 0
  m_StaticEditorFlags: 0
  m_IsActive: 1
--- !u!4 &1151870340
Transform:
  m_ObjectHideFlags: 0
  m_PrefabParentObject: {fileID: 400004, guid: bc8a8453cd179294baf677207a4865d1, type: 2}
  m_PrefabInternal: {fileID: 1314002696}
  m_GameObject: {fileID: 1151870339}
  m_LocalRotation: {x: 0, y: 0, z: 0, w: 1}
  m_LocalPosition: {x: 0, y: 0, z: 0}
  m_LocalScale: {x: 1, y: 1, z: 1}
  m_Children: []
  m_Father: {fileID: 1567950044}
--- !u!212 &1151870341
SpriteRenderer:
  m_ObjectHideFlags: 0
  m_PrefabParentObject: {fileID: 21200004, guid: bc8a8453cd179294baf677207a4865d1,
    type: 2}
  m_PrefabInternal: {fileID: 1314002696}
  m_GameObject: {fileID: 1151870339}
  m_Enabled: 1
  m_CastShadows: 0
  m_ReceiveShadows: 0
  m_LightmapIndex: 255
  m_LightmapTilingOffset: {x: 1, y: 1, z: 0, w: 0}
  m_Materials:
  - {fileID: 10754, guid: 0000000000000000e000000000000000, type: 0}
  m_SubsetIndices: 
  m_StaticBatchRoot: {fileID: 0}
  m_UseLightProbes: 0
  m_LightProbeAnchor: {fileID: 0}
  m_ScaleInLightmap: 1
  m_SortingLayer: 0
  m_SortingOrder: 1
  m_SortingLayerID: 0
  m_Sprite: {fileID: 21300000, guid: e2aeeb1e68f5d024ca37f993c4f45596, type: 3}
  m_Color: {r: 1, g: 1, b: 1, a: 1}
--- !u!1 &1244195825
GameObject:
  m_ObjectHideFlags: 0
  m_PrefabParentObject: {fileID: 100004, guid: bc8a8453cd179294baf677207a4865d1, type: 2}
  m_PrefabInternal: {fileID: 1543845968}
  serializedVersion: 4
  m_Component:
  - 4: {fileID: 1244195826}
  - 212: {fileID: 1244195827}
  m_Layer: 0
  m_Name: buttonBackgroundUnpressed
  m_TagString: Untagged
  m_Icon: {fileID: 0}
  m_NavMeshLayer: 0
  m_StaticEditorFlags: 0
  m_IsActive: 1
--- !u!4 &1244195826
Transform:
  m_ObjectHideFlags: 0
  m_PrefabParentObject: {fileID: 400004, guid: bc8a8453cd179294baf677207a4865d1, type: 2}
  m_PrefabInternal: {fileID: 1543845968}
  m_GameObject: {fileID: 1244195825}
  m_LocalRotation: {x: 0, y: 0, z: 0, w: 1}
  m_LocalPosition: {x: 0, y: 0, z: 0}
  m_LocalScale: {x: 1, y: 1, z: 1}
  m_Children: []
  m_Father: {fileID: 54634991}
--- !u!212 &1244195827
SpriteRenderer:
  m_ObjectHideFlags: 0
  m_PrefabParentObject: {fileID: 21200004, guid: bc8a8453cd179294baf677207a4865d1,
    type: 2}
  m_PrefabInternal: {fileID: 1543845968}
  m_GameObject: {fileID: 1244195825}
  m_Enabled: 1
  m_CastShadows: 0
  m_ReceiveShadows: 0
  m_LightmapIndex: 255
  m_LightmapTilingOffset: {x: 1, y: 1, z: 0, w: 0}
  m_Materials:
  - {fileID: 10754, guid: 0000000000000000e000000000000000, type: 0}
  m_SubsetIndices: 
  m_StaticBatchRoot: {fileID: 0}
  m_UseLightProbes: 0
  m_LightProbeAnchor: {fileID: 0}
  m_ScaleInLightmap: 1
  m_SortingLayer: 0
  m_SortingOrder: 1
  m_SortingLayerID: 0
  m_Sprite: {fileID: 21300000, guid: e2aeeb1e68f5d024ca37f993c4f45596, type: 3}
  m_Color: {r: 1, g: 1, b: 1, a: 1}
--- !u!1 &1264095089
GameObject:
  m_ObjectHideFlags: 0
  m_PrefabParentObject: {fileID: 100006, guid: bc8a8453cd179294baf677207a4865d1, type: 2}
  m_PrefabInternal: {fileID: 141484602}
  serializedVersion: 4
  m_Component:
  - 4: {fileID: 1264095090}
  - 114: {fileID: 1264095091}
  m_Layer: 0
  m_Name: Level 2
  m_TagString: Untagged
  m_Icon: {fileID: 0}
  m_NavMeshLayer: 0
  m_StaticEditorFlags: 0
  m_IsActive: 1
--- !u!4 &1264095090
Transform:
  m_ObjectHideFlags: 0
  m_PrefabParentObject: {fileID: 400006, guid: bc8a8453cd179294baf677207a4865d1, type: 2}
  m_PrefabInternal: {fileID: 141484602}
  m_GameObject: {fileID: 1264095089}
  m_LocalRotation: {x: 0, y: 0, z: 0, w: 1}
  m_LocalPosition: {x: -1, y: .140164077, z: 0}
  m_LocalScale: {x: 1, y: 1, z: 1}
  m_Children:
  - {fileID: 586498689}
  - {fileID: 874183498}
  - {fileID: 971045096}
  - {fileID: 765628734}
  m_Father: {fileID: 0}
--- !u!114 &1264095091
MonoBehaviour:
  m_ObjectHideFlags: 0
  m_PrefabParentObject: {fileID: 11400000, guid: bc8a8453cd179294baf677207a4865d1,
    type: 2}
  m_PrefabInternal: {fileID: 141484602}
  m_GameObject: {fileID: 1264095089}
  m_Enabled: 1
  m_EditorHideFlags: 0
  m_Script: {fileID: 11500000, guid: 1ffc1e2aecf21484c96efa368351310c, type: 3}
  m_Name: 
  m_EditorClassIdentifier: 
  PressedSprite: {fileID: 874183497}
  UnPressedSprite: {fileID: 971045095}
  HighlightSprite: {fileID: 586498687}
--- !u!1001 &1314002696
Prefab:
  m_ObjectHideFlags: 0
  serializedVersion: 2
  m_Modification:
    m_TransformParent: {fileID: 0}
    m_Modifications:
    - target: {fileID: 400006, guid: bc8a8453cd179294baf677207a4865d1, type: 2}
      propertyPath: m_LocalPosition.x
      value: -1
      objectReference: {fileID: 0}
    - target: {fileID: 400006, guid: bc8a8453cd179294baf677207a4865d1, type: 2}
      propertyPath: m_LocalPosition.y
      value: 1.83877635
      objectReference: {fileID: 0}
    - target: {fileID: 400006, guid: bc8a8453cd179294baf677207a4865d1, type: 2}
      propertyPath: m_LocalPosition.z
      value: 0
      objectReference: {fileID: 0}
    - target: {fileID: 400006, guid: bc8a8453cd179294baf677207a4865d1, type: 2}
      propertyPath: m_LocalRotation.x
      value: 0
      objectReference: {fileID: 0}
    - target: {fileID: 400006, guid: bc8a8453cd179294baf677207a4865d1, type: 2}
      propertyPath: m_LocalRotation.y
      value: 0
      objectReference: {fileID: 0}
    - target: {fileID: 400006, guid: bc8a8453cd179294baf677207a4865d1, type: 2}
      propertyPath: m_LocalRotation.z
      value: 0
      objectReference: {fileID: 0}
    - target: {fileID: 400006, guid: bc8a8453cd179294baf677207a4865d1, type: 2}
      propertyPath: m_LocalRotation.w
      value: 1
      objectReference: {fileID: 0}
    - target: {fileID: 100006, guid: bc8a8453cd179294baf677207a4865d1, type: 2}
      propertyPath: m_Name
      value: Level 1
      objectReference: {fileID: 0}
    m_RemovedComponents:
    - {fileID: 11400002, guid: bc8a8453cd179294baf677207a4865d1, type: 2}
  m_ParentPrefab: {fileID: 100100000, guid: bc8a8453cd179294baf677207a4865d1, type: 2}
  m_RootGameObject: {fileID: 1567950041}
  m_IsPrefabParent: 0
  m_IsExploded: 1
--- !u!1001 &1543845968
Prefab:
  m_ObjectHideFlags: 0
  serializedVersion: 2
  m_Modification:
    m_TransformParent: {fileID: 0}
    m_Modifications:
    - target: {fileID: 400006, guid: bc8a8453cd179294baf677207a4865d1, type: 2}
      propertyPath: m_LocalPosition.x
      value: -1
      objectReference: {fileID: 0}
    - target: {fileID: 400006, guid: bc8a8453cd179294baf677207a4865d1, type: 2}
      propertyPath: m_LocalPosition.y
      value: -1.46138358
      objectReference: {fileID: 0}
    - target: {fileID: 400006, guid: bc8a8453cd179294baf677207a4865d1, type: 2}
      propertyPath: m_LocalPosition.z
      value: 0
      objectReference: {fileID: 0}
    - target: {fileID: 400006, guid: bc8a8453cd179294baf677207a4865d1, type: 2}
      propertyPath: m_LocalRotation.x
      value: 0
      objectReference: {fileID: 0}
    - target: {fileID: 400006, guid: bc8a8453cd179294baf677207a4865d1, type: 2}
      propertyPath: m_LocalRotation.y
      value: 0
      objectReference: {fileID: 0}
    - target: {fileID: 400006, guid: bc8a8453cd179294baf677207a4865d1, type: 2}
      propertyPath: m_LocalRotation.z
      value: 0
      objectReference: {fileID: 0}
    - target: {fileID: 400006, guid: bc8a8453cd179294baf677207a4865d1, type: 2}
      propertyPath: m_LocalRotation.w
      value: 1
      objectReference: {fileID: 0}
    - target: {fileID: 100006, guid: bc8a8453cd179294baf677207a4865d1, type: 2}
      propertyPath: m_Name
      value: Back
      objectReference: {fileID: 0}
    m_RemovedComponents:
    - {fileID: 11400002, guid: bc8a8453cd179294baf677207a4865d1, type: 2}
  m_ParentPrefab: {fileID: 100100000, guid: bc8a8453cd179294baf677207a4865d1, type: 2}
  m_RootGameObject: {fileID: 54634990}
  m_IsPrefabParent: 0
  m_IsExploded: 1
--- !u!1 &1567950041
GameObject:
  m_ObjectHideFlags: 0
  m_PrefabParentObject: {fileID: 100006, guid: bc8a8453cd179294baf677207a4865d1, type: 2}
  m_PrefabInternal: {fileID: 1314002696}
  serializedVersion: 4
  m_Component:
  - 4: {fileID: 1567950044}
  - 114: {fileID: 1567950042}
  m_Layer: 0
  m_Name: Level 1
  m_TagString: Untagged
  m_Icon: {fileID: 0}
  m_NavMeshLayer: 0
  m_StaticEditorFlags: 0
  m_IsActive: 1
--- !u!114 &1567950042
MonoBehaviour:
  m_ObjectHideFlags: 0
  m_PrefabParentObject: {fileID: 11400000, guid: bc8a8453cd179294baf677207a4865d1,
    type: 2}
  m_PrefabInternal: {fileID: 1314002696}
  m_GameObject: {fileID: 1567950041}
  m_Enabled: 1
  m_EditorHideFlags: 0
  m_Script: {fileID: 11500000, guid: 1ffc1e2aecf21484c96efa368351310c, type: 3}
  m_Name: 
  m_EditorClassIdentifier: 
  PressedSprite: {fileID: 1975613166}
  UnPressedSprite: {fileID: 1151870339}
  HighlightSprite: {fileID: 823046659}
--- !u!4 &1567950044
Transform:
  m_ObjectHideFlags: 0
  m_PrefabParentObject: {fileID: 400006, guid: bc8a8453cd179294baf677207a4865d1, type: 2}
  m_PrefabInternal: {fileID: 1314002696}
  m_GameObject: {fileID: 1567950041}
  m_LocalRotation: {x: 0, y: 0, z: 0, w: 1}
  m_LocalPosition: {x: -1, y: 1.83877635, z: 0}
  m_LocalScale: {x: 1, y: 1, z: 1}
  m_Children:
  - {fileID: 823046660}
  - {fileID: 1975613167}
  - {fileID: 1151870340}
  - {fileID: 107638883}
  m_Father: {fileID: 0}
--- !u!1 &1572961889
GameObject:
  m_ObjectHideFlags: 0
  m_PrefabParentObject: {fileID: 100004, guid: f2ce2fb69e81a4a4c8475613f5d483f0, type: 2}
  m_PrefabInternal: {fileID: 1119237660}
  serializedVersion: 4
  m_Component:
  - 4: {fileID: 1572961890}
  - 114: {fileID: 1572961891}
  m_Layer: 0
  m_Name: GameManager
  m_TagString: GameManager
  m_Icon: {fileID: 0}
  m_NavMeshLayer: 0
  m_StaticEditorFlags: 0
  m_IsActive: 1
--- !u!4 &1572961890
Transform:
  m_ObjectHideFlags: 0
  m_PrefabParentObject: {fileID: 400004, guid: f2ce2fb69e81a4a4c8475613f5d483f0, type: 2}
  m_PrefabInternal: {fileID: 1119237660}
  m_GameObject: {fileID: 1572961889}
  m_LocalRotation: {x: 0, y: 0, z: 0, w: 1}
  m_LocalPosition: {x: 19.8405514, y: -.0296968371, z: 0}
  m_LocalScale: {x: 1, y: 1, z: 1}
  m_Children:
  - {fileID: 1003051102}
  - {fileID: 122024887}
  m_Father: {fileID: 0}
--- !u!114 &1572961891
MonoBehaviour:
  m_ObjectHideFlags: 0
  m_PrefabParentObject: {fileID: 11400000, guid: f2ce2fb69e81a4a4c8475613f5d483f0,
    type: 2}
  m_PrefabInternal: {fileID: 1119237660}
  m_GameObject: {fileID: 1572961889}
  m_Enabled: 1
  m_EditorHideFlags: 0
  m_Script: {fileID: 11500000, guid: e41c350011a1c7b41b8685a484b29069, type: 3}
  m_Name: 
  m_EditorClassIdentifier: 
  CurrentLevel: 0
  EnergySpent: 0
  HighestLevelUnlocked: 1
  CannonRank: 1
--- !u!1 &1903361470
GameObject:
  m_ObjectHideFlags: 0
  m_PrefabParentObject: {fileID: 0}
  m_PrefabInternal: {fileID: 0}
  serializedVersion: 4
  m_Component:
  - 4: {fileID: 1903361471}
  m_Layer: 0
  m_Name: 
  m_TagString: Untagged
  m_Icon: {fileID: 0}
  m_NavMeshLayer: 0
  m_StaticEditorFlags: 0
  m_IsActive: 1
--- !u!4 &1903361471
Transform:
  m_ObjectHideFlags: 0
  m_PrefabParentObject: {fileID: 0}
  m_PrefabInternal: {fileID: 0}
  m_GameObject: {fileID: 1903361470}
  m_LocalRotation: {x: 0, y: 0, z: 0, w: 1}
  m_LocalPosition: {x: 2.26794481, y: .792676568, z: 0}
  m_LocalScale: {x: 1, y: 1, z: 1}
  m_Children: []
  m_Father: {fileID: 0}
--- !u!1 &1956646864
GameObject:
  m_ObjectHideFlags: 0
  m_PrefabParentObject: {fileID: 0}
  m_PrefabInternal: {fileID: 0}
  serializedVersion: 4
  m_Component:
  - 4: {fileID: 1956646865}
  - 114: {fileID: 1956646866}
  m_Layer: 0
  m_Name: PlayerController
  m_TagString: Untagged
  m_Icon: {fileID: 0}
  m_NavMeshLayer: 0
  m_StaticEditorFlags: 0
  m_IsActive: 1
--- !u!4 &1956646865
Transform:
  m_ObjectHideFlags: 0
  m_PrefabParentObject: {fileID: 0}
  m_PrefabInternal: {fileID: 0}
  m_GameObject: {fileID: 1956646864}
  m_LocalRotation: {x: 0, y: 0, z: 0, w: 1}
  m_LocalPosition: {x: 3.48534918, y: .212961957, z: 0}
  m_LocalScale: {x: 1, y: 1, z: 1}
  m_Children: []
  m_Father: {fileID: 0}
--- !u!114 &1956646866
MonoBehaviour:
  m_ObjectHideFlags: 0
  m_PrefabParentObject: {fileID: 0}
  m_PrefabInternal: {fileID: 0}
  m_GameObject: {fileID: 1956646864}
  m_Enabled: 1
  m_EditorHideFlags: 0
  m_Script: {fileID: 11500000, guid: 79c6564651238b248803fea5b1abf42b, type: 3}
  m_Name: 
  m_EditorClassIdentifier: 
  Level1: {fileID: 1567950041}
  Level2: {fileID: 1264095089}
  Back: {fileID: 54634990}
--- !u!1 &1975613166
GameObject:
  m_ObjectHideFlags: 0
  m_PrefabParentObject: {fileID: 100002, guid: bc8a8453cd179294baf677207a4865d1, type: 2}
  m_PrefabInternal: {fileID: 1314002696}
  serializedVersion: 4
  m_Component:
  - 4: {fileID: 1975613167}
  - 212: {fileID: 1975613168}
  m_Layer: 0
  m_Name: buttonBackgroundPressed
  m_TagString: Untagged
  m_Icon: {fileID: 0}
  m_NavMeshLayer: 0
  m_StaticEditorFlags: 0
  m_IsActive: 1
--- !u!4 &1975613167
Transform:
  m_ObjectHideFlags: 0
  m_PrefabParentObject: {fileID: 400002, guid: bc8a8453cd179294baf677207a4865d1, type: 2}
  m_PrefabInternal: {fileID: 1314002696}
  m_GameObject: {fileID: 1975613166}
  m_LocalRotation: {x: 0, y: 0, z: 0, w: 1}
  m_LocalPosition: {x: 0, y: 0, z: 0}
  m_LocalScale: {x: 1, y: 1, z: 1}
  m_Children: []
  m_Father: {fileID: 1567950044}
--- !u!212 &1975613168
SpriteRenderer:
  m_ObjectHideFlags: 0
  m_PrefabParentObject: {fileID: 21200002, guid: bc8a8453cd179294baf677207a4865d1,
    type: 2}
  m_PrefabInternal: {fileID: 1314002696}
  m_GameObject: {fileID: 1975613166}
  m_Enabled: 1
  m_CastShadows: 0
  m_ReceiveShadows: 0
  m_LightmapIndex: 255
  m_LightmapTilingOffset: {x: 1, y: 1, z: 0, w: 0}
  m_Materials:
  - {fileID: 10754, guid: 0000000000000000e000000000000000, type: 0}
  m_SubsetIndices: 
  m_StaticBatchRoot: {fileID: 0}
  m_UseLightProbes: 0
  m_LightProbeAnchor: {fileID: 0}
  m_ScaleInLightmap: 1
  m_SortingLayer: 0
  m_SortingOrder: 0
  m_SortingLayerID: 0
  m_Sprite: {fileID: 21300000, guid: d3e865e436d2a254d8c1d59f63a7ccc1, type: 3}
  m_Color: {r: 1, g: 1, b: 1, a: 1}
--- !u!1 &1995688152
GameObject:
  m_ObjectHideFlags: 0
  m_PrefabParentObject: {fileID: 100002, guid: bc8a8453cd179294baf677207a4865d1, type: 2}
  m_PrefabInternal: {fileID: 1543845968}
  serializedVersion: 4
  m_Component:
  - 4: {fileID: 1995688154}
  - 212: {fileID: 1995688153}
  m_Layer: 0
  m_Name: buttonBackgroundPressed
  m_TagString: Untagged
  m_Icon: {fileID: 0}
  m_NavMeshLayer: 0
  m_StaticEditorFlags: 0
  m_IsActive: 1
--- !u!212 &1995688153
SpriteRenderer:
  m_ObjectHideFlags: 0
  m_PrefabParentObject: {fileID: 21200002, guid: bc8a8453cd179294baf677207a4865d1,
    type: 2}
  m_PrefabInternal: {fileID: 1543845968}
  m_GameObject: {fileID: 1995688152}
  m_Enabled: 1
  m_CastShadows: 0
  m_ReceiveShadows: 0
  m_LightmapIndex: 255
  m_LightmapTilingOffset: {x: 1, y: 1, z: 0, w: 0}
  m_Materials:
  - {fileID: 10754, guid: 0000000000000000e000000000000000, type: 0}
  m_SubsetIndices: 
  m_StaticBatchRoot: {fileID: 0}
  m_UseLightProbes: 0
  m_LightProbeAnchor: {fileID: 0}
  m_ScaleInLightmap: 1
  m_SortingLayer: 0
  m_SortingOrder: 0
  m_SortingLayerID: 0
  m_Sprite: {fileID: 21300000, guid: d3e865e436d2a254d8c1d59f63a7ccc1, type: 3}
  m_Color: {r: 1, g: 1, b: 1, a: 1}
--- !u!4 &1995688154
Transform:
  m_ObjectHideFlags: 0
  m_PrefabParentObject: {fileID: 400002, guid: bc8a8453cd179294baf677207a4865d1, type: 2}
  m_PrefabInternal: {fileID: 1543845968}
  m_GameObject: {fileID: 1995688152}
  m_LocalRotation: {x: 0, y: 0, z: 0, w: 1}
  m_LocalPosition: {x: 0, y: 0, z: 0}
  m_LocalScale: {x: 1, y: 1, z: 1}
  m_Children: []
  m_Father: {fileID: 54634991}
